@article{whatIsBlackHole,
	title={What Is a Black Hole?},
	author={Flint Wild},
	journal={NASA Knows! for Students}
	volume={Grades k-4},
	number={},
	pages={5--8},
	year={2018},
	publisher={Nasa}
}
